@misc{lyngsOxforddown2019,
  author = {Lyngs, Ulrik},
  title = {oxforddown: An Oxford University Thesis Template for R Markdown},
  year = {2019},
  publisher = {GitHub},
  journal = {GitHub repository},
  howpublished = {\url{https://github.com/ulyngs/oxforddown}},
  doi = {10.5281/zenodo.3484682},
}

@Manual{alexios2020,
    title = {rugarch: Univariate GARCH models.},
    author = {Alexios Ghalanos},
    year = {2020},
    note = {R package version 1.4-4.},
  }

@Manual{USREC,
    title = {neverhpfilter: An Alternative to the Hodrick-Prescott Filter},
    author = {Justin M. Shea},
    year = {2020},
    note = {R package version 0.3-1},
    url = {https://CRAN.R-project.org/package=neverhpfilter},
  }

@book{jorion2007,
	title = {Value at Risk: The New Benchmark For Managing Financial Risk},
	author = {{Jorion}, {Philippe}},
	year = {2007},
	date = {2007},
	publisher = {McGraw-Hill},
	edition = {3}
}

@article{welch2008,
	title = {A Comprehensive Look at The Empirical Performance of Equity Premium Prediction},
	author = {{Welch}, {Ivo} and {Goyal}, {Amit}},
	year = {2008},
	month = {07},
	date = {2008-07},
	journal = {Review of Financial Studies},
	pages = {1455--1508},
	volume = {21},
	number = {4},
	doi = {10.1093/rfs/hhm014},
	url = {https://academic.oup.com/rfs/article-lookup/doi/10.1093/rfs/hhm014},
	langid = {en}
}

@Manual{performance,
    title = {PerformanceAnalytics: Econometric Tools for Performance and Risk Analysis},
    author = {Brian G. Peterson and Peter Carl},
    year = {2020},
    note = {R package version 2.0.4},
    url = {https://CRAN.R-project.org/package=PerformanceAnalytics},
}

@article{engle2001,
	title = {GARCH 101: The use of ARCH/GARCH models in applied econometrics},
	author = {{Engle}, {Robert}},
	year = {2001},
	date = {2001},
	journal = {Journal of Economic Perspectives},
	doi = {10.1257/jep.15.4.157}
}

@article{engle1986,
	title = {Modelling the persistence of conditional variances},
	author = {{Engle}, {Robert F.} and {Bollerslev}, {Tim}},
	year = {1986},
	month = {01},
	date = {1986-01},
	journal = {Econometric Reviews},
	pages = {1--50},
	volume = {5},
	number = {1},
	doi = {10.1080/07474938608800095},
	note = {Publisher: Marcel Dekker, Inc.}
}

@article{engle1982,
	title = {Autoregressive Conditional Heteroscedacity with Estimates of variance of United Kingdom Inflation,journal of Econometrica, Volume 50, Issue 4 (Jul., 1982),987-1008.},
	author = {{Engle}, {R. F.}},
	year = {1982},
	date = {1982},
	journal = {Econometrica},
	pages = {987--1008},
	volume = {50},
	number = {4}
}

@article{bollerslev1986,
	title = {Generalized Autoregressive Conditional Heteroskedasticity},
	author = {{Bollerslev}, {Tim}},
	year = {1986},
	date = {1986},
	journal = {Journal of Econometrics},
	pages = {307--327},
	volume = {31}
}

@techreport{ghalanos2020,
	title = {Introduction to the rugarch package. (Version 1.4-3)},
	author = {{Ghalanos}, {Alexios}},
	year = {2020},
	date = {2020},
	url = {http://cran.r-project.org/web/packages/}
}

@article{nelson1991,
	title = {Conditional Heteroskedasticity in Asset Returns: A New Approach},
	author = {{Nelson}, {Daniel B.}},
	year = {1991},
	month = {03},
	date = {1991-03},
	journal = {Econometrica},
	pages = {347--347},
	volume = {59},
	number = {2},
	doi = {10.2307/2938260},
	note = {Publisher: JSTOR}
}

@article{glosten1993,
	title = {On the Relation between the Expected Value and the Volatility of the Nominal Excess Return on Stocks},
	author = {{Glosten}, {Lawrence R.} and {Jagannathan}, {Ravi} and {Runkle}, {David E.}},
	year = {1993},
	month = {12},
	date = {1993-12},
	journal = {The Journal of Finance},
	pages = {1779--1801},
	volume = {48},
	number = {5},
	doi = {10.1111/j.1540-6261.1993.tb05128.x},
	url = {http://doi.wiley.com/10.1111/j.1540-6261.1993.tb05128.x},
	note = {Publisher: John Wiley Sons, Ltd}
}

@article{glosten1993a,
	title = {On the Relation between the Expected Value and the Volatility of the Nominal Excess Return on Stocks},
	author = {{Glosten}, {Lawrence R.} and {Jagannathan}, {Ravi} and {Runkle}, {David E.}},
	year = {1993},
	month = {12},
	date = {1993-12},
	journal = {The Journal of Finance},
	pages = {1779--1801},
	volume = {48},
	number = {5},
	doi = {10.1111/j.1540-6261.1993.tb05128.x},
	url = {http://doi.wiley.com/10.1111/j.1540-6261.1993.tb05128.x},
	note = {Publisher: John Wiley & Sons, Ltd}
}

@article{fama1965,
	title = {The Behavior of Stock-Market Prices},
	author = {{Fama}, {Eugene F.}},
	year = {1965},
	date = {1965},
	journal = {The Journal of Business},
	pages = {34--105},
	volume = {38},
	number = {1},
	url = {http://www.jstor.org/stable/2350752},
	langid = {en}
}

@book{annaert2021,
	title = {Quantitative Methods in Finance},
	author = {{Annaert}, {Jan}},
	year = {2021},
	month = {01},
	date = {2021-01},
	publisher = {Antwerp Management School},
	number = {Version 0.2.1}
}

@article{bollerslev1987,
	title = {A Conditionally Heteroskedastic Time Series Model for Speculative Prices and Rates of Return},
	author = {{Bollerslev}, {Tim}},
	year = {1987},
	date = {1987},
	journal = {The Review of Economics and Statistics},
	pages = {542--547},
	volume = {69},
	number = {3},
	doi = {10.2307/1925546},
	url = {https://www.jstor.org/stable/1925546},
	note = {Publisher: The MIT Press}
}

@article{theodossiou1998,
	title = {Financial data and the skewed generalized t distribution},
	author = {{Theodossiou}, {Panayiotis}},
	year = {1998},
	date = {1998},
	journal = {Management Science},
	pages = {1650--1661},
	volume = {44},
	number = {12 PART 1},
	doi = {10.1287/mnsc.44.12.1650},
	url = {http://pubsonline.informs.org.https//doi.org/10.1287/mnsc.44.12.1650http://www.informs.org0025-1909/98/4412/1650$05.00},
	note = {Publisher: INFORMS Inst.for Operations Res.and the Management Sciences}
}

@article{bali2007,
	title = {A conditional-SGT-VaR approach with alternative GARCH models},
	author = {{Bali}, {Turan G.} and {Theodossiou}, {Panayiotis}},
	year = {2007},
	month = {02},
	date = {2007-02-22},
	journal = {Annals of Operations Research},
	pages = {241--267},
	volume = {151},
	number = {1},
	doi = {10.1007/s10479-006-0118-4},
	url = {http://link.springer.com/10.1007/s10479-006-0118-4},
	langid = {en}
}

@article{bali2008,
	title = {The role of autoregressive conditional skewness and kurtosis in the estimation of conditional VaR},
	author = {{Bali}, {Turan G.} and {Mo}, {Hengyong} and {Tang}, {Yi}},
	year = {2008},
	month = {02},
	date = {2008-02},
	journal = {Journal of Banking and Finance},
	pages = {269--282},
	volume = {32},
	number = {2},
	doi = {10.1016/j.jbankfin.2007.03.009},
	note = {Publisher: North-Holland}
}

@article{bollerslev2008,
	title = {Glossary to ARCH (GARCH)},
	author = {{Bollerslev}, {Tim}},
	year = {2008},
	month = {09},
	date = {2008-09-04},
	pages = {46},
	doi = {10.2139/ssrn.1263250},
	url = {Available at SSRN: https://ssrn.com/abstract=1263250},
	langid = {en}
}
