
@article{subbotin,
	title = {On the Law of Frequency of Error.},
	author = {{Subbotin}, {M.T.}},
	journal = {Matematicheskii Sbornik},
	pages = {296--301},
	volume = {31}
	year = {1923}
}
